@article{one,
  title={Playing atari with deep reinforcement learning},
  author={Mnih, Volodymyr and Kavukcuoglu, Koray and Silver, David and Graves, Alex and Antonoglou, Ioannis and Wierstra, Daan and Riedmiller, Martin},
  journal={arXiv preprint arXiv:1312.5602},
  year={2013}
}

@article{two,
  title={Human-level control through deep reinforcement learning},
  author={Mnih, Volodymyr and Kavukcuoglu, Koray and Silver, David and Rusu, Andrei A and Veness, Joel and Bellemare, Marc G and Graves, Alex and Riedmiller, Martin and Fidjeland, Andreas K and Ostrovski, Georg and others},
  journal={Nature},
  volume={518},
  number={7540},
  pages={529--533},
  year={2015},
  publisher={Nature Research}
}

@inproceedings{three,
  title={Deep learning for real-time Atari game play using offline Monte-Carlo tree search planning},
  author={Guo, Xiaoxiao and Singh, Satinder and Lee, Honglak and Lewis, Richard L and Wang, Xiaoshi},
  booktitle={Advances in neural information processing systems},
  pages={3338--3346},
  year={2014}
}

@article{four,
  title={Q-learning},
  author={Watkins, Christopher JCH and Dayan, Peter},
  journal={Machine learning},
  volume={8},
  number={3-4},
  pages={279--292},
  year={1992},
  publisher={Springer}
}

@inproceedings{five,
  title={Bandit based monte-carlo planning},
  author={Kocsis, Levente and Szepesv{\'a}ri, Csaba},
  booktitle={ECML},
  volume={6},
  pages={282--293},
  year={2006},
  organization={Springer}
}

@article{six,
  title={Learning to generate artificial fovea trajectories for target detection},
  author={Schmidhuber, Juergen and Huber, Rudolf},
  journal={International Journal of Neural Systems},
  volume={2},
  number={01n02},
  pages={125--134},
  year={1991},
  publisher={World Scientific}
}

@inproceedings{seven,
  title={DeepMPC: Learning Deep Latent Features for Model Predictive Control.},
  author={Lenz, Ian and Knepper, Ross A and Saxena, Ashutosh},
  booktitle={Robotics: Science and Systems},
  year={2015}
}

@inproceedings{eight,
  title={Action-conditional video prediction using deep networks in atari games},
  author={Oh, Junhyuk and Guo, Xiaoxiao and Lee, Honglak and Lewis, Richard L and Singh, Satinder},
  booktitle={Advances in Neural Information Processing Systems},
  pages={2863--2871},
  year={2015}
}


@article{nine,
  title={Intriguing properties of neural networks},
  author={Szegedy, Christian and Zaremba, Wojciech and Sutskever, Ilya and Bruna, Joan and Erhan, Dumitru and Goodfellow, Ian and Fergus, Rob},
  journal={arXiv preprint arXiv:1312.6199},
  year={2013}
}

@article{ten,
  title={Explaining and harnessing adversarial examples},
  author={Goodfellow, Ian J and Shlens, Jonathon and Szegedy, Christian},
  journal={arXiv preprint arXiv:1412.6572},
  year={2014}
}


@article{eleven,
  title={Adversarial examples in the physical world},
  author={Kurakin, Alexey and Goodfellow, Ian and Bengio, Samy},
  journal={arXiv preprint arXiv:1607.02533},
  year={2016}
}

@inproceedings{twelve,
  title={Deepfool: a simple and accurate method to fool deep neural networks},
  author={Moosavi-Dezfooli, Seyed-Mohsen and Fawzi, Alhussein and Frossard, Pascal},
  booktitle={Proceedings of the IEEE Conference on Computer Vision and Pattern Recognition},
  pages={2574--2582},
  year={2016}
}


@article{thirteen,
  title={Adversarial attacks on neural network policies},
  author={Huang, Sandy and Papernot, Nicolas and Goodfellow, Ian and Duan, Yan and Abbeel, Pieter},
  journal={arXiv preprint arXiv:1702.02284},
  year={2017}
}

@article{fourteen,
  title={Tactics of Adversarial Attack on Deep Reinforcement Learning Agents},
  author={Lin, Yen-Chen and Hong, Zhang-Wei and Liao, Yuan-Hong and Shih, Meng-Li and Liu, Ming-Yu and Sun, Min},
  journal={arXiv preprint arXiv:1703.06748},
  year={2017}
}

@inproceedings{fifteen,
  title={Modeling deep temporal dependencies with recurrent grammar cells""},
  author={Michalski, Vincent and Memisevic, Roland and Konda, Kishore},
  booktitle={Advances in neural information processing systems},
  pages={1925--1933},
  year={2014}
}

@article{sixteen,
  title={Deep predictive coding networks for video prediction and unsupervised learning},
  author={Lotter, William and Kreiman, Gabriel and Cox, David},
  journal={arXiv preprint arXiv:1605.08104},
  year={2016}
}


